[gd_scene load_steps=13 format=2]

[ext_resource path="res://kenney/isometric-prototype-pack/floor_S.png" type="Texture" id=1]
[ext_resource path="res://kenney/isometric-prototype-pack/floor_N.png" type="Texture" id=2]
[ext_resource path="res://kenney/isometric-prototype-pack/floor_E.png" type="Texture" id=3]
[ext_resource path="res://kenney/isometric-prototype-pack/floor_W.png" type="Texture" id=4]
[ext_resource path="res://kenney/isometric-prototype-pack/wallCorner_S.png" type="Texture" id=5]
[ext_resource path="res://kenney/isometric-prototype-pack/wallCorner_N.png" type="Texture" id=6]
[ext_resource path="res://kenney/isometric-prototype-pack/wallCorner_W.png" type="Texture" id=7]
[ext_resource path="res://kenney/isometric-prototype-pack/wallStraight_N.png" type="Texture" id=8]
[ext_resource path="res://kenney/isometric-prototype-pack/wallStraight_S.png" type="Texture" id=9]
[ext_resource path="res://kenney/isometric-prototype-pack/wallStraight_W.png" type="Texture" id=10]
[ext_resource path="res://kenney/isometric-prototype-pack/wallStraight_E.png" type="Texture" id=11]
[ext_resource path="res://kenney/isometric-prototype-pack/wallCorner_E.png" type="Texture" id=12]

[node name="IsoSprites" type="Navigation2D"]

[node name="floor_S" type="Sprite" parent="."]

position = Vector2( 288, 0 )
texture = ExtResource( 1 )
centered = false
offset = Vector2( -128, -74 )
region_enabled = true
region_rect = Rect2( 0, 345, 256, 148 )
_sections_unfolded = [ "Region" ]

[node name="StaticBody2D" type="StaticBody2D" parent="floor_S"]

input_pickable = false
collision_layer = 1
collision_mask = 1
constant_linear_velocity = Vector2( 0, 0 )
constant_angular_velocity = 0.0
friction = 1.0
bounce = 0.0

[node name="floor_N" type="Sprite" parent="."]

texture = ExtResource( 2 )
centered = false
offset = Vector2( -128, -74 )
region_enabled = true
region_rect = Rect2( 0, 345, 256, 148 )
_sections_unfolded = [ "Offset" ]

[node name="StaticBody2D" type="StaticBody2D" parent="floor_N"]

input_pickable = false
collision_layer = 1
collision_mask = 1
constant_linear_velocity = Vector2( 0, 0 )
constant_angular_velocity = 0.0
friction = 1.0
bounce = 0.0

[node name="floor_E" type="Sprite" parent="."]

position = Vector2( 576, 0 )
texture = ExtResource( 3 )
centered = false
offset = Vector2( -128, -74 )
region_enabled = true
region_rect = Rect2( 0, 345, 256, 148 )

[node name="StaticBody2D" type="StaticBody2D" parent="floor_E"]

input_pickable = false
collision_layer = 1
collision_mask = 1
constant_linear_velocity = Vector2( 0, 0 )
constant_angular_velocity = 0.0
friction = 1.0
bounce = 0.0

[node name="floor_W" type="Sprite" parent="."]

position = Vector2( 864, 0 )
texture = ExtResource( 4 )
centered = false
offset = Vector2( -128, -74 )
region_enabled = true
region_rect = Rect2( 0, 345, 256, 148 )

[node name="StaticBody2D" type="StaticBody2D" parent="floor_W"]

input_pickable = false
collision_layer = 1
collision_mask = 1
constant_linear_velocity = Vector2( 0, 0 )
constant_angular_velocity = 0.0
friction = 1.0
bounce = 0.0

[node name="wallCorner_S" type="Sprite" parent="."]

position = Vector2( 288, 512 )
texture = ExtResource( 5 )
centered = false
offset = Vector2( -128, -419 )

[node name="StaticBody2D" type="StaticBody2D" parent="wallCorner_S"]

input_pickable = false
collision_layer = 1
collision_mask = 1
constant_linear_velocity = Vector2( 0, 0 )
constant_angular_velocity = 0.0
friction = 1.0
bounce = 0.0

[node name="CollisionPolygon2D" type="CollisionPolygon2D" parent="wallCorner_S/StaticBody2D"]

position = Vector2( -128, -419 )
build_mode = 0
polygon = PoolVector2Array( 127.826, 308.737, 30.2917, 251.192, 0.0559387, 268.26, 0.54361, 419.438, 128.314, 493.077, 255.596, 419.926, 256.084, 270.211, 223.897, 252.167 )

[node name="wallCorner_N" type="Sprite" parent="."]

position = Vector2( 0, 512 )
texture = ExtResource( 6 )
centered = false
offset = Vector2( -128, -419 )
_sections_unfolded = [ "Offset" ]

[node name="StaticBody2D" type="StaticBody2D" parent="wallCorner_N"]

input_pickable = false
collision_layer = 1
collision_mask = 1
constant_linear_velocity = Vector2( 0, 0 )
constant_angular_velocity = 0.0
friction = 1.0
bounce = 0.0

[node name="CollisionPolygon2D" type="CollisionPolygon2D" parent="wallCorner_N/StaticBody2D"]

position = Vector2( -128, -419 )
build_mode = 0
polygon = PoolVector2Array( 129.075, 195.109, -0.158234, 269.235, 1.79245, 418.951, 30.0774, 436.995, 127.612, 382.375, 226.122, 435.044, 256.845, 417.975, 255.87, 269.235 )

[node name="wallCorner_W" type="Sprite" parent="."]

position = Vector2( 864, 512 )
texture = ExtResource( 7 )
centered = false
offset = Vector2( -128, -419 )

[node name="StaticBody2D" type="StaticBody2D" parent="wallCorner_W"]

input_pickable = false
collision_layer = 1
collision_mask = 1
constant_linear_velocity = Vector2( 0, 0 )
constant_angular_velocity = 0.0
friction = 1.0
bounce = 0.0

[node name="CollisionPolygon2D" type="CollisionPolygon2D" parent="wallCorner_W/StaticBody2D"]

position = Vector2( -128, -419 )
build_mode = 0
polygon = PoolVector2Array( 0.484375, 269.723, 0.484375, 419.926, 127.279, 492.102, 159.465, 474.058, 159.465, 213.641, 128.254, 195.109 )

[node name="wallStraight_N" type="Sprite" parent="."]

position = Vector2( 0, 1024 )
texture = ExtResource( 8 )
centered = false
offset = Vector2( -128, -419 )

[node name="StaticBody2D" type="StaticBody2D" parent="wallStraight_N"]

input_pickable = false
collision_layer = 1
collision_mask = 1
constant_linear_velocity = Vector2( 0, 0 )
constant_angular_velocity = 0.0
friction = 1.0
bounce = 0.0

[node name="CollisionPolygon2D" type="CollisionPolygon2D" parent="wallStraight_N/StaticBody2D"]

position = Vector2( -128, -419 )
build_mode = 0
polygon = PoolVector2Array( 127.124, 194.677, 96.4008, 213.209, 95.9132, 361.949, 224.659, 436.563, 254.894, 419.982, 255.87, 269.779 )

[node name="wallStraight_S" type="Sprite" parent="."]

position = Vector2( 288.488, 1024 )
texture = ExtResource( 9 )
centered = false
offset = Vector2( -128, -419 )

[node name="StaticBody2D" type="StaticBody2D" parent="wallStraight_S"]

input_pickable = false
collision_layer = 1
collision_mask = 1
constant_linear_velocity = Vector2( 0, 0 )
constant_angular_velocity = 0.0
friction = 1.0
bounce = 0.0

[node name="CollisionPolygon2D" type="CollisionPolygon2D" parent="wallStraight_S/StaticBody2D"]

position = Vector2( -128, -419 )
build_mode = 0
polygon = PoolVector2Array( 31.267, 250.272, -0.431702, 269.779, 0.54364, 419.494, 128.314, 491.182, 159.525, 473.626, 160.012, 326.837 )

[node name="wallStraight_W" type="Sprite" parent="."]

position = Vector2( 864, 1024 )
texture = ExtResource( 10 )
centered = false
offset = Vector2( -128, -419 )

[node name="StaticBody2D" type="StaticBody2D" parent="wallStraight_W"]

input_pickable = false
collision_layer = 1
collision_mask = 1
constant_linear_velocity = Vector2( 0, 0 )
constant_angular_velocity = 0.0
friction = 1.0
bounce = 0.0

[node name="CollisionPolygon2D" type="CollisionPolygon2D" parent="wallStraight_W/StaticBody2D"]

position = Vector2( -128, -419 )
build_mode = 0
polygon = PoolVector2Array( -0.978638, 268.804, 0.484375, 419.494, 31.2078, 437.05, 160.441, 361.949, 160.441, 214.184, 127.767, 194.677 )

[node name="wallStraight_E" type="Sprite" parent="."]

position = Vector2( 576, 1024 )
texture = ExtResource( 11 )
centered = false
offset = Vector2( -128, -419 )

[node name="StaticBody2D" type="StaticBody2D" parent="wallStraight_E"]

input_pickable = false
collision_layer = 1
collision_mask = 1
constant_linear_velocity = Vector2( 0, 0 )
constant_angular_velocity = 0.0
friction = 1.0
bounce = 0.0

[node name="CollisionPolygon2D" type="CollisionPolygon2D" parent="wallStraight_E/StaticBody2D"]

position = Vector2( -128, -419 )
build_mode = 0
polygon = PoolVector2Array( 95.3663, 324.398, 96.8293, 473.626, 128.04, 491.67, 254.347, 419.494, 255.323, 269.291, 224.599, 251.247 )

[node name="wallCorner_E" type="Sprite" parent="."]

position = Vector2( 576, 512 )
texture = ExtResource( 12 )
centered = false
offset = Vector2( -128, -419 )

[node name="StaticBody2D" type="StaticBody2D" parent="wallCorner_E"]

input_pickable = false
collision_layer = 1
collision_mask = 1
constant_linear_velocity = Vector2( 0, 0 )
constant_angular_velocity = 0.0
friction = 1.0
bounce = 0.0

[node name="CollisionPolygon2D" type="CollisionPolygon2D" parent="wallCorner_E/StaticBody2D"]

position = Vector2( -128, -419 )
build_mode = 0
polygon = PoolVector2Array( 96.3416, 214.616, 95.8539, 474.058, 128.528, 493.077, 254.835, 419.926, 255.323, 269.723, 127.553, 195.109 )
_sections_unfolded = [ "Transform" ]


